
@Book{4technologie,
    author="Houda Labiod and Hossam Afifi and Constantino DeSantis",
    title="Wi-Fitm, Bluetoothtm, Zigbeetm and WiMaxtm",
    publisher="Springer-Verlag New York Inc.",
    month="10",
    year="2006",
    isbn="1402053967",
}
%edition =      "1",
%address,
%revision =
%series
%editionnumber

@Book{BezdratoveSite,
    author="Patrick Zandl",
    title="Bezdrátové sítě WiFi",
    address="Brno",
    publisher="Computer Press",
    year="2003",
    isbn="8072266322",
}
%edition =      "1",
%month =
%revision =
%series
%editionnumber


@Book{DesigningEmbeddedSystems,
    author="Tim Wilmshurst",
    title="Designing Embedded Systems with PIC Microcontrollers",
    subtitle="Principles and Applications",
    publisher="Elsevier Books",
    month="11",
    year="2009",  
    isbn="1856177505",
}
%edition =      "1",
%address,     "2007",
%revision =
%series
%editionnumber

@Book{EmbeddedSystems,
    author="Raj Kamal",
    title="Embedded Systems",
    subtitle="Architecture, Programming and Design",
    publisher="Tata McGraw-Hill Publishing Company Limited",
    year="2008",
    isbn="9780073404561",
    edition="2",
    address="New Delhi, Indie"
}
%month="9",
%revision="",
%series="",
%editionnumber="",
%edition a year asi nebude sedět s tím co mají v knihovně - zjistit (našel jsem to na netu v: https://books.google.cz/books?id=pWlbvW0H3IAC&printsec=frontcover&hl=cs&source=gbs_ge_summary_r&cad=0#v=onepage&q&f=false
%Je dost možné, že year=2003 a edition=1 (na základě https://primo.lib.vutbr.cz/primo-explore/fulldisplay?docid=420BUT_Aleph000075833&context=L&vid=420BUT&lang=cs_CZ&search_scope=Everything&adaptor=Local%20Search%20Engine&tab=default_tab&query=any,contains,Embedded%20Systems:%20Architecture,%20Programming%20and%20Design&offset=0), ale zjistit!

@Book{EmbeddedSystemsCircuits,
    author="Julio Sanchez and Maria P. Canton",
    title="Embedded Systems Circuits and Programming",
    publisher="CRC Press",
    month="5",
    year="2012",
    isbn="978-1439879047",
    edition="",
    address="6000 Broken Sound Parkway NW, suite 300, Boca Raton, FL 33487-2742",
}

%subtitle="",
% revision="",
% series="",
% editionnumber="",

@Book{MicroprocessorAndInterfaces,
    author="Atul P. Godse and Deepali A. Godse",
    title="Microprocessor and Interfaces",
    publisher="Technical Publications",
    month="1",
    year="2008",
    isbn="9788184311259",
    edition="1",
    address="Pune, Indie",
    revision="",
    series="",
    editionnumber="",
}

@Book{ArduinoProgramming,
    author="Agus Kurniawan",
    title="Arduino Programming with .NET and Sketch",
    publisher="Apress",
    year="2017",
    isbn="9781484226599",
    edition="1",
    address="Berkeley, CA, USA",
}
% month="",
% subtitle="",
% revision="",
% series="",
% editionnumber="",

@Book{optics,
    author="Andrew Keirl and Caroline Christie",
    title="Clinical Optics and Refraction",
    subtitle="A Guide for Optometrists, Contact Lens Opticians and Dispensing Opticians",
    publisher="Elsevier Limited",
    month="9",
    year="2007",
    isbn="9780750688895",
    address="Velká Británie",
}
% revision="",
% series="",
% editionnumber="",
% edition="1",

@Book{physics,
    author="John Avison",
    title="The World of Physics",
    publisher="Nelson Thornes Ltd",
    month="6",
    year="1989",
    isbn="9780174382454",
    edition="2",
    address="Cheltenham, Spojené království"
}
% subtitle="",
% revision="",
% series="",
% editionnumber="",

@Book{materials,
    author="Pradeep Fulay and Jung-Kun Lee",
    title="Electronic, magnetic, and optical materials",
    publisher="CRC Press, Taylor \& Francis Group",
    year="2017", 
    edition="2",
    isbn="9781498701693", 
    address="Boca Raton, Florida, USA",
    series="Advanced materials and technological series", 
}
% subtitle="",
% month="",
% revision="",
% editionnumber=""

@Book{wirelessComunication,
    author="T. L. Singal",
    title="Wireless comunication", 
    publisher="Tata McGraw Hill Education Private Limited", 
    year="2010", 
    isbn="9780070681781", 
    address="New Delhi, Indie", 
}
% subtitle="",
% month="", 
% edition="",
% revision="",
% series="",
% editionnumber="",
 
@InBook{NetworkSecurity,
    author="Joseph Migga Kizza", 
    editor="Joseph Migga Kizza", 
    title="Security in Wireless Networks and Devices",
    bookTitle="Guide to Computer Network Security",
    year="2017",
    publisher="Springer International Publishing",
    address="Cham, Švýcarsko", 
    pages="397-427",
    isbn="9783319556062",
    doi="10.1007/978-3-319-55606-2\_18",
    url="https://doi.org/10.1007/978-3-319-55606-2\_18"
}


@Book{microwave,
    author="V. S. Bagad",
    title="Microwave Engineering",
    publisher="Technical Publications",
    year="2009",
    isbn="9788184313604",
    edition="1",
    address="Pune, Indie",
}
% subtitle="",
% month="",
% revision="",
% series="",
% editionnumber="",

@Book{RPiPrirucka,
    author="Eben Upton and Gareth Halfacree and Jakub Goner",
    title="Raspberry Pi",
    subtitle="uživatelská příručka",
    edition="2., aktualizované vydání",
    contributory="Přeložil Jakub GONER",
    address="Brno",
    publisher="Computer Press",
    year="2016",
    isbn="9788025148198",
}
% month="",
% revision="",
% series="",
% editionnumber="",
  
  
  
@Book{BluetoothGuide,
    author="David Kammer and Gordon McNutt and Brian Senese",
    title="Bluetooth Application Developer's Guide",
    subtitle="The Short Range Interconnect Solution",
    edition="",
    address="Rockland, Massachusetts, USA",
    publisher="Syngress Publishing, Inc",
    isbn="9781928994428",
    month="12",
    year="2001",
}
% revision="",
% series="",
% editionnumber="",


@Book{WirelessPersonalCommunications,
    author="Mohsen A. M. El-Bendary",
    title="Wireless Personal Communications",
    subtitle="Simulation and Complexity",
    edition="1",
    address="Singapur",
    publisher="Springer",
    isbn="9789811071300",
    month="4",
    year="2018",
    series="Signals and Communication Technology",
}
% revision="",
% editionnumber="",

@Book{GettingStartedBluetooth,
    author="Madhushree Ganguli",
    title="Getting started with Bluetooth",
    edition="1",
    address="Cincinnati, Ohio, USA",
    publisher="Premier Press",
    isbn="9781931841832",
    month="9",
    year="2002",
    series="Networking",
}
% subtitle="",
% revision="",
% editionnumber="",

@Book{HandsOnZigBee,
    author="Fred Eady",
    title="Hands-On ZigBee",
    subtitle="Implementing 802.15.4 with Microcontrollers",
    edition="1",
    address="UK",
    publisher="Elsevier, Newnes",
    isbn="9780123708878",
    month="3",
    year="2007",
    series="Embedded technology",
}
% revision="",
% editionnumber="",

@Book{ZigbeeWirelessNetworking ,
    author="Drew Gislason",
    title="Zigbee Wireless Networking",
    edition="1",
    address="UK",
    publisher="Elsevier, Newnes",
    isbn="9780750685979",
    month="10",
    year="2008",
}
% subtitle="",
% revision="",
% series="",
% editionnumber="",


@Book{example,
    author="",
    title="",
    subtitle="",
    edition="",
    address="",
    publisher="",
    isbn="",
    month="",
    year="",
    revision="",
    series="",
    editionnumber="",
}


@Article{HomeAutomationRPI,
    author="Vladimir Vujović and Mirjana Maksimović",
    title="Raspberry Pi as a Sensor Web node for home automation",
    journal="Computers \& electrical engineering",
    howpublished="online",
    volume = "44",
    pages = "153 - 171",
    year = "2015",
    issn = "0045-7906",
    doi = "10.1016/j.compeleceng.2015.01.019",
    url = "http://www.sciencedirect.com/science/article/pii/S0045790615000257"
}

@Article{articleExample,
    author="",
    title="Název článku",
    subtitle="Vedlejší název článku",
    journal="Název seriálové publikace",
    howpublished="online",
    edition="",
    version="",
    address="",
    publisher="",
    month="",
    year = "",
    volume = "svazek",
    number="číslo",
    pages = "153 - 171",
    revised="revidováno 12. 2. 2020",
    series="Název edice",
    editionnumber="číslo edice",
    doi = "",
    issn = "",
    url = ""
}


@Conference{ITURegulations,
    author="ITU",
    title = "Terms and definitions",
    organisation = "ITU",
    booktitle = "Radio Regulations",
    howpublished = "online",
    publisher = "ITU",
    year = "2020",
    volume = "1",
    pages = "8,63",
    cited = "2020-11-10",
    isbn = "9789261302917",
    url = "https://www.itu.int/pub/R-REG-RR-2020"
}
%author = "" Je ok že jsem tam dal ITU?
%edition = "" of 2020? Nebo spočítat počet konferencí od r. 1995? :D 
%version
%address
%revised
%series
%editionnumber
%Možná bude potřeba místo url uvést dokument jako "knihu"?

%ověřit že jsem čerpal jen z volume 1, resp. oveřit jestli jsou správně reference odkud jsem čerpal (strany atd)
%odkaz na zdroj: https://www.itu.int/pub/R-REG-RR-2020

@Webpage{WifiFrequencyBands,
    author="Samantha Albano",
    secondarytitle="WiFi frequency bands: 2.4 GHz and 5 GHz",
    title="Minim",
    subtitle="the residential managed WiFi and IoT security platform",
    howpublished="online",
    month="4",
    year="2019",
    revised="2019-04-01",
    cited="",
    url="https://www.minim.co/blog/wifi-frequency-bands-2.4-ghz-and-5-ghz"
}
%day
%doi
%issn
%path
%day="1", (hází nějakou chybu, mrknout na net)
%Obecně day u website hází chybu..dan to řešil tak že datum vkládal do revised...

@Webpage{uCvsCPU,
    author="Apoorve",
    secondarytitle="What is the difference between microprocessor and microcontroller?",
    title="Circuit Digest",
    howpublished="online",
    month="6",
    year="2015",
    revised="2015-06-02",
    cited="",
    url="https://circuitdigest.com/article/what-is-the-difference-between-microprocessor-and-microcontroller"
}
%day
%doi
%issn
%path
%day=

@Webpage{arduino,
    author="Arduino",
    secondarytitle="What is Arduino?",
    title="Arduino",
    howpublished="online",
    year="2007",
    revised="2018-02-05",
    cited="2020-09-25",
    url="https://www.arduino.cc/en/Guide/Introduction",
    path="About"
}
%day=
% month="",
% doi="",
% issn="",
%kdybych hýbal s cited, tak upravit adekvátně path!


@Webpage{whatIsIR,
    secondarytitle="What is Infrared?",
    title="Cool Cosmos",
    howpublished="online",
    cited="2020-01-24",
    url="http://coolcosmos.ipac.caltech.edu/cosmic_classroom/cosmic_reference/whatisir.html",
    key="What is Infrared"
}
%day=
% author="",
% month="",
% year="",
% revised="",
% doi="",
% issn="",
% path=""
%Možná tento zdroj smazat? Nedůvěryhodný(článek nemá autora a už ani neexistuje) a navíc mám alternativy...



@Webpage{Everything2_4GHZ,
    author="John Herman",
    secondarytitle="Why Everything Wireless Is 2.4 GHz",
    title="Wired",
    howpublished="online",
    month="7",
    year="2010",
    revised="2010-07-09",
    cited="",
    url="https://www.wired.com/2010/09/wireless-explainer/"
}
%day=


@Webpage{Why2_4GHz,
    author="Hugh O'Brien",
    secondarytitle="Why 2.4GHz? Chasing wireless history",
    title="Indiegogo",
    howpublished="online",
    month="11",
    year="2012",
    revised="2013-05-20",
    cited="",
    url="https://www.indiegogo.com/projects/why-2-4ghz-chasing-wireless-history",
}
%day=
% doi="",
% issn="",
% path=""

@Webpage{ESP8266,
    author="ESPRESSIF",
    secondarytitle="ESP8266",
    title="ESPRESSIF SYSTEMS",
    subtitle="Wi-Fi \& Bluetooth MCUs and AIoT Solutions",
    howpublished="online",
    cited="",
    url="https://www.espressif.com/en/products/socs/esp8266",
    path="Products; SoCs; ESP8266"
}
%day=
% month="",
% year="",
% revised="",
% doi="",
% issn="",

@Webpage{ESP32,
    author="ESPRESSIF",
    secondarytitle="ESP32",
    title="ESPRESSIF SYSTEMS",
    subtitle="Wi-Fi \& Bluetooth MCUs and AIoT Solutions",
    howpublished="online",
    cited="",
    url="https://www.espressif.com/en/products/socs/esp32",
    path="Products; SoCs; ESP32"
}
%day=
% month="",
% year="",
% revised="",
% doi="",
% issn="",


@Webpage{exampleWebpage,
    author="",
    secondarytitle="nazev prispevku",
    title="nazev stranky",
    howpublished="online",
    month="",
    year="",
    revised="",
    cited="",
    url="",
    doi="",
    issn="",
    path=""
}
%day=

%Hotovo:
% [A] Wi-Fi, Bluetooth, ZigBee and WiMax
% [B] Bezdrátové sítě WiFi (Zandl Patrick)
% [C] ITU Radio Regulations (https://www.itu.int/pub/R-REG-RR/en)
% [D] https://www.minim.co/blog/wifi-frequency-bands-2.4-ghz-and-5-ghz
% [E] Designing Embedded Systems with PIC Microcontrollers: Principles and Applications (Tim Wilmshurst)
% [F] Embedded Systems: Architecture, Programming and Design (Raj Kamal)
% [H] Embedded Systems Circuits and Programming (Julio Sanchez, Maria P. Canton)
% [I] Microprocessor and Interfaces (A.P.Godse, D.A.Godse)
% [J] https://circuitdigest.com/article/what-is-the-difference-between-microprocessor-and-microcontroller
% [K] https://www.arduino.cc/en/guide/introduction
% [L] Arduino Programming with .NET and Sketch (Agus Kurniawan)
% [M] http://coolcosmos.ipac.caltech.edu/cosmic_classroom/cosmic_reference/whatisir.html
% [N] Clinical Optics and Refraction (Andrew Keirl)
% [O] The World of Physics (John Avison)
% [P] Electronic, Magnetic, and Optical Materials, Second Edition (Pradeep Fulay, Jung-Kun Lee)
% [Q] Wireless Communications (T. L. Singal)
% [R] Guide to Computer Network Security (Joseph Migga Kizza)
% [U] https://www-sciencedirect-com.ezproxy.lib.vutbr.cz/science/article/pii/S0045790615000257
% [W] Microwave Engineering (V.S.Bagad)
%[Everything2_4GHZ] https://www.wired.com/2010/09/wireless-explainer/
% [X] https://www.indiegogo.com/projects/why-2-4ghz-chasing-wireless-history#/
% [Y] Síťové aplikace a jejich architektura (Petr Matoušek)
% [AA] Raspberry Pi – uživatelská příručka (Eben Upton)
% [AB] Bluetooth Application Deeloper’s Guide (David Kammer, Gordon McNutt, Brian Senese, Jennifer Bray)
% [AC] Wireless Personal Communications: Simulation and Complexity (Mohsen A. M. El-Bendary)
% [AD] Getting started with Bluetooth (Madhushree Ganguli)
% [AE] https://www.espressif.com/en/products/socs/esp8266
% [AF] https://www.espressif.com/en/products/socs/esp32
% [AG] Hands-On ZigBee: Implementing 802.15.4 with Microcontrollers (Fred Eady)
% [AH] Zigbee Wireless Networking (Drew Gislason)



%K udelani:




%Nevím jestli vůbec používám:
% [S] Home Automation Made Easy: Do It Yourself Know How Using UPB, Insteon, X10 and Z-Wave (Dennis C Brewer)
%Uz ani neexistuje?? [G] https://tfe.cz/ctyrkanalovy-prijimac-rfc4-rx.htm
% [Z] Naučte se Python – pohotová příručka (David Ascher)
% [T] https://www-sciencedirect-com.ezproxy.lib.vutbr.cz/science/article/pii/S1084804517303533
% [V] https://www.chytrevypinace.cz/Sonoff-Basic-d1.htm
% [Z] Naučte se Python – pohotová příručka (David Ascher)
% [AI] Analog Communication (A.P.Godse U.A.Bakshi) 
% [AJ] https://kivy.org/doc/stable/gettingstarted/intro.html
% [AK] https://kivy.org/doc/stable/guide/lang.html
% [AL] http://tkinter.programujte.com/tkinter-whats-tkinter.htm
% [AM] https://www.py.cz/Tkinter
